@BOOK
{
     Cohen1,
     AUTHOR="Henri Cohen",
     TITLE="A Course in Computational Algebraic Number Theory",
     EDITION="1st.",
     SERIES="GTM138",
     PUBLISHER="Springer",
     YEAR="1993"
}

@BOOK
{
     Cohen2,
     AUTHOR="Henri Cohen",
     TITLE="Advanced Topics In Computational Number Theory",
     EDITION="1st.",
     SERIES="GTM193",
     PUBLISHER="Springer",
     YEAR="2000"
}

@BOOK
{
     Pomerance,
     AUTHOR="Richard Crandall and Carl Pomerance",
     TITLE="Prime Numbers",
     EDITION="1st.",
     PUBLISHER="Springer",
     YEAR="2001"
}

@MISC
{
     Kida,
     AUTHOR="Kida Yuuji",
     TITLE="Integral Basis And Decomposition of Primes in Algebraic Fields (Japanese)",
     NOTE="\url{http://www.rkmath.rikkyo.ac.jp/~kida/intbasis.pdf}"
}

@ARTICLE
{
     Weilert,
     AUTHOR="Andr\'e Weiler",
     TITLE="$(1+i)$-ary GCD Computation in $\mathbb{Z}[i]$ as an Analogue to the Binary GCD Algorithm",
     JOURNAL="Journal of Symbolic Computation",
     VOLUME="30",
     NUMBER="5",
     PAGES="605--617",
     YEAR="2000"
}

@ARTICLE
{
     Dam-Frand,
     AUTHOR="Ivan Bjerre Damga$\mathring{r}$d and Gudmund Skovbjerg Frandsen",
     TITLE="Efficient algorithms for the gcd and cubic residuosity in the ring of Eisenstein integers",
     JOURNAL="Journal of Symbolic Computation",
     VOLUME="39",
     NUMBER="6",
     PAGES="643--652",
     YEAR="2005"
}

@Article{ColEnc,
  author =       {G. E. Collins and M. J. Encarnaci\'on},
  title =        {Improved techniques for factoring univariate polynomials},
  journal =      {Journal of Symbolic Computation},
  year =         {1996},
  volume =       {21},
  pages =        {313--327},
}

@Article{Lenstra1979,
  author =       {H. W. Lenstra, Jr.},
  title =        {Miller's primality test},
  journal =      {Information processing letters},
  volume =       {8},
  number =       {2},
  year =         {1979},
}

@MastersThesis{Janice,
  author = 	 {Janice S. ASUNCION},
  title = 	 {Integer Factorization Using Different Parameterizations of Montgomery's Curves},
  school = 	 {Tokyo Metropolitan University},
  year = 	 {2006},
}


@Book{
     Washington,
     AUTHOR="Lawrence C. Washington",
     TITLE="Elliptic Curves: Number Theory and Cryptography",
     EDITION="1st.",
     SERIES="DISCRETE MATHEMATICS AND ITS APPLICATIONS",
     PUBLISHER="CRC Press",
     YEAR="2003"
}

@PROCEEDINGS
{
     IOKNTMUN07,
     TITLE="A Brief Introduction to NZMATH",
     AUTHOR="ICHIKI S., OGURA N., KOIZUMI M., NISHIMOTO K., TANAKA S., MATSUI T., UCHIYAMA S., NAKAMULA K.",
     SERIES="AC2007 presentation",
     YEAR="2007"
}

@PROCEEDINGS
{
     TNMUN07,
     TITLE="Status and issues on development NZMATH",
     AUTHOR="Tanaka S., Nishimoto K., MATSUI T., Uchiyama S., and NAKAMULA K.",
     SERIES="AC2007 presentation",
     YEAR="2007"
}

@PROCEEDINGS
{
     M05,
     TITLE="NZMATH: Past and Future of the Development",
     AUTHOR="Matsui T",
     SERIES="AC2005 proceedings",
     NOTE="\url{ftp://tnt.math.metro-u.ac.jp/pub/ac05/Matsui/nzmath.pdf}",
     YEAR="2005"
}

@INPROCEEDINGS
{
     M04,
     TITLE="Development of computational number theory system by a scripting language (Japanese)",
     AUTHOR="Matsui T",
     BOOKTITLE="{RIMS Kokyuroku}",
     NUMBER="1395",
     PAGES="144--149",
     ORGANIZATION="Kyoto University",
     YEAR="2004"
}

@PROCEEDINGS
{
     NM04,
     TITLE="Developing a system for number theory by script language ---
Announcement of the release of {NZMATH 0.1.1}",
     AUTHOR="Nakamula K. and Matsui T",
     NOTE="http://tnt.math.metro-u.ac.jp/~nakamula/talk/dag2004-s.pdf",
     YEAR="2004"
}

@MISC
{
     NZMATH,
     TITLE="{NZMATH}",
     NOTE="\url{http://tnt.math.metro-u.ac.jp/nzmath/}"
}

@MISC
{
     SIMATH,
     TITLE="{SIMATH}",
     NOTE="\url{http://tnt.math.metro-u.ac.jp/simath/}"
}

@MISC
{
     Maple,
     TITLE="Maple",
     NOTE="\url{http://www.maplesoft.com/}"
}

@MISC
{
     Mathematica,
     TITLE="Mathematica",
     NOTE="\url{http://www.wolfram.com/products/mathematica/}"
}

@MISC
{
     Magma,
     TITLE="Magma",
     NOTE="\url{http://magma.maths.usyd.edu.au/magma/}"
}

@MISC
{
     KANT,
     TITLE="{KANT/KASH}",
     NOTE="\url{http://www.math.tu-berlin.de/~kant/kash.html}"
}

@MISC
{
     PARI,
     TITLE="{PARI/GP}",
     NOTE="\url{http://pari.math.u-bordeaux.fr/}"
}

@MISC
{
     IPython,
     TITLE="{IPython}",
     NOTE="\url{http://ipython.scipy.org/}"
}

@MISC
{
     matplotlib,
     TITLE="matplotlib",
     NOTE="\url{http://matplotlib.sourceforge.net/}"
}

@MISC
{
     mpmath,
     TITLE="mpmath",
     NOTE="\url{http://code.google.com/p/mpmath/}"
}

